
@ARTICLE{Bernstein2016,
   author = {{Bernstein}, G.~M. and {Armstrong}, R. and {Krawiec}, C. and
	{March}, M.~C.},
    title = "{An accurate and practical method for inference of weak gravitational lensing from galaxy images}",
  journal = {\mnras},
archivePrefix = "arXiv",
   eprint = {1508.05655},
 primaryClass = "astro-ph.IM",
 keywords = {gravitational lensing: weak, methods: data analysis},
     year = 2016,
    month = jul,
   volume = 459,
    pages = {4467-4484},
      doi = {10.1093/mnras/stw879},
   adsurl = {http://adsabs.harvard.edu/abs/2016MNRAS.459.4467B},
  adsnote = {Provided by the SAO/NASA Astrophysics Data System}
}

@ARTICLE{Bernstein2014,
   author = {{Bernstein}, G.~M. and {Armstrong}, R.},
    title = "{Bayesian lensing shear measurement}",
  journal = {\mnras},
archivePrefix = "arXiv",
   eprint = {1304.1843},
 keywords = {gravitational lensing: weak, methods: data analysis},
     year = 2014,
    month = feb,
   volume = 438,
    pages = {1880-1893},
      doi = {10.1093/mnras/stt2326},
   adsurl = {http://adsabs.harvard.edu/abs/2014MNRAS.438.1880B},
  adsnote = {Provided by the SAO/NASA Astrophysics Data System}
}


@ARTICLE{LSSTSims,
   author = {{LSST Science Collaboration} and {Marshall}, P. and {Anguita}, T. and 
	{Bianco}, F.~B. and {Bellm}, E.~C. and {Brandt}, N. and {Clarkson}, W. and 
	{Connolly}, A. and {Gawiser}, E. and {Ivezic}, Z. and {Jones}, L. and 
	{Lochner}, M. and {Lund}, M.~B. and {Mahabal}, A. and {Nidever}, D. and 
	{Olsen}, K. and {Ridgway}, S. and {Rhodes}, J. and {Shemmer}, O. and 
	{Trilling}, D. and {Vivas}, K. and {Walkowicz}, L. and {Willman}, B. and 
	{Yoachim}, P. and {Anderson}, S. and {Antilogus}, P. and {Angus}, R. and 
	{Arcavi}, I. and {Awan}, H. and {Biswas}, R. and {Bell}, K.~J. and 
	{Bennett}, D. and {Britt}, C. and {Buzasi}, D. and {Casetti-Dinescu}, D.~I. and 
	{Chomiuk}, L. and {Claver}, C. and {Cook}, K. and {Davenport}, J. and 
	{Debattista}, V. and {Digel}, S. and {Doctor}, Z. and {Firth}, R.~E. and 
	{Foley}, R. and {Fong}, W.-f. and {Galbany}, L. and {Giampapa}, M. and 
	{Gizis}, J.~E. and {Graham}, M.~L. and {Grillmair}, C. and {Gris}, P. and 
	{Haiman}, Z. and {Hartigan}, P. and {Hawley}, S. and {Hlozek}, R. and 
	{Jha}, S.~W. and {Johns-Krull}, C. and {Kanbur}, S. and {Kalogera}, V. and 
	{Kashyap}, V. and {Kasliwal}, V. and {Kessler}, R. and {Kim}, A. and 
	{Kurczynski}, P. and {Lahav}, O. and {Liu}, M.~C. and {Malz}, A. and 
	{Margutti}, R. and {Matheson}, T. and {McEwen}, J.~D. and {McGehee}, P. and 
	{Meibom}, S. and {Meyers}, J. and {Monet}, D. and {Neilsen}, E. and 
	{Newman}, J. and {O'Dowd}, M. and {Peiris}, H.~V. and {Penny}, M.~T. and 
	{Peters}, C. and {Poleski}, R. and {Ponder}, K. and {Richards}, G. and 
	{Rho}, J. and {Rubin}, D. and {Schmidt}, S. and {Schuhmann}, R.~L. and 
	{Shporer}, A. and {Slater}, C. and {Smith}, N. and {Soares-Santos}, M. and 
	{Stassun}, K. and {Strader}, J. and {Strauss}, M. and {Street}, R. and 
	{Stubbs}, C. and {Sullivan}, M. and {Szkody}, P. and {Trimble}, V. and 
	{Tyson}, T. and {de Val-Borro}, M. and {Valenti}, S. and {Wagoner}, R. and 
	{Wood-Vasey}, W.~M. and {Zauderer}, B.~A.},
    title = "{Science-Driven Optimization of the LSST Observing Strategy}",
  journal = {ArXiv e-prints},
archivePrefix = "arXiv",
   eprint = {1708.04058},
 primaryClass = "astro-ph.IM",
 keywords = {Astrophysics - Instrumentation and Methods for Astrophysics, Astrophysics - Cosmology and Nongalactic Astrophysics, Astrophysics - Earth and Planetary Astrophysics, Astrophysics - Astrophysics of Galaxies, Astrophysics - Solar and Stellar Astrophysics},
     year = 2017,
    month = aug,
   adsurl = {http://adsabs.harvard.edu/abs/2017arXiv170804058L},
  adsnote = {Provided by the SAO/NASA Astrophysics Data System}
}


@ARTICLE{Jee2011,
   author = {{Jee}, M.~J. and {Tyson}, J.~A.},
    title = "{Toward Precision LSST Weak-Lensing Measurement. I. Impacts of Atmospheric Turbulence and Optical Aberration}",
  journal = {\pasp},
archivePrefix = "arXiv",
   eprint = {1011.1913},
 primaryClass = "astro-ph.IM",
     year = 2011,
    month = may,
   volume = 123,
    pages = {596},
      doi = {10.1086/660137},
   adsurl = {http://adsabs.harvard.edu/abs/2011PASP..123..596J},
  adsnote = {Provided by the SAO/NASA Astrophysics Data System}
}


@ARTICLE{Bosch2018,
   author = {{Bosch}, J. and {Armstrong}, R. and {Bickerton}, S. and {Furusawa}, H. and 
	{Ikeda}, H. and {Koike}, M. and {Lupton}, R. and {Mineo}, S. and 
	{Price}, P. and {Takata}, T. and {Tanaka}, M. and {Yasuda}, N. and 
	{AlSayyad}, Y. and {Becker}, A.~C. and {Coulton}, W. and {Coupon}, J. and 
	{Garmilla}, J. and {Huang}, S. and {Krughoff}, K.~S. and {Lang}, D. and 
	{Leauthaud}, A. and {Lim}, K.-T. and {Lust}, N.~B. and {MacArthur}, L.~A. and 
	{Mandelbaum}, R. and {Miyatake}, H. and {Miyazaki}, S. and {Murata}, R. and 
	{More}, S. and {Okura}, Y. and {Owen}, R. and {Swinbank}, J.~D. and 
	{Strauss}, M.~A. and {Yamada}, Y. and {Yamanoi}, H.},
    title = "{The Hyper Suprime-Cam software pipeline}",
  journal = {\pasj},
archivePrefix = "arXiv",
   eprint = {1705.06766},
 primaryClass = "astro-ph.IM",
 keywords = {methods: data analysis, surveys, techniques: image processing},
     year = 2018,
    month = jan,
   volume = 70,
      eid = {S5},
    pages = {S5},
      doi = {10.1093/pasj/psx080},
   adsurl = {http://adsabs.harvard.edu/abs/2018PASJ...70S...5B},
  adsnote = {Provided by the SAO/NASA Astrophysics Data System}
}


@unpublished{HSC_DR1,
   author = {{Aihara}, H. and {Arimoto}, N. and {Armstrong}, R. and {Arnouts}, S. and 
	{Bahcall}, N.~A. and {Bickerton}, S. and {Bosch}, J. and {Bundy}, K. and 
	{Capak}, P.~L. and {Chan}, J.~H.~H. and {Chiba}, M. and {Coupon}, J. and 
	{Egami}, E. and {Enoki}, M. and {Finet}, F. and {Fujimori}, H. and 
	{Fujimoto}, S. and {Furusawa}, H. and {Furusawa}, J. and {Goto}, T. and 
	{Goulding}, A. and {Greco}, J.~P. and {Greene}, J.~E. and {Gunn}, J.~E. and 
	{Hamana}, T. and {Harikane}, Y. and {Hashimoto}, Y. and {Hattori}, T. and 
	{Hayashi}, M. and {Hayashi}, Y. and {He{\l}miniak}, K.~G. and 
	{Higuchi}, R. and {Hikage}, C. and {Ho}, P.~T.~P. and {Hsieh}, B.-C. and 
	{Huang}, K. and {Huang}, S. and {Ikeda}, H. and {Imanishi}, M. and 
	{Inoue}, A.~K. and {Iwasawa}, K. and {Iwata}, I. and {Jaelani}, A.~T. and 
	{Jian}, H.-Y. and {Kamata}, Y. and {Karoji}, H. and {Kashikawa}, N. and 
	{Katayama}, N. and {Kawanomoto}, S. and {Kayo}, I. and {Koda}, J. and 
	{Koike}, M. and {Kojima}, T. and {Komiyama}, Y. and {Konno}, A. and 
	{Koshida}, S. and {Koyama}, Y. and {Kusakabe}, H. and {Leauthaud}, A. and 
	{Lee}, C.-H. and {Lin}, L. and {Lin}, Y.-T. and {Lupton}, R.~H. and 
	{Mandelbaum}, R. and {Matsuoka}, Y. and {Medezinski}, E. and 
	{Mineo}, S. and {Miyama}, S. and {Miyatake}, H. and {Miyazaki}, S. and 
	{Momose}, R. and {More}, A. and {More}, S. and {Moritani}, Y. and 
	{Moriya}, T.~J. and {Morokuma}, T. and {Mukae}, S. and {Murata}, R. and 
	{Murayama}, H. and {Nagao}, T. and {Nakata}, F. and {Niida}, M. and 
	{Niikura}, H. and {Nishizawa}, A.~J. and {Obuchi}, Y. and {Oguri}, M. and 
	{Oishi}, Y. and {Okabe}, N. and {Okura}, Y. and {Ono}, Y. and 
	{Onodera}, M. and {Onoue}, M. and {Osato}, K. and {Ouchi}, M. and 
	{Price}, P.~A. and {Pyo}, T.-S. and {Sako}, M. and {Okamoto}, S. and 
	{Sawicki}, M. and {Shibuya}, T. and {Shimasaku}, K. and {Shimono}, A. and 
	{Shirasaki}, M. and {Silverman}, J.~D. and {Simet}, M. and {Speagle}, J. and 
	{Spergel}, D.~N. and {Strauss}, M.~A. and {Sugahara}, Y. and 
	{Sugiyama}, N. and {Suto}, Y. and {Suyu}, S.~H. and {Suzuki}, N. and 
	{Tait}, P.~J. and {Takata}, T. and {Takada}, M. and {Tamura}, N. and 
	{Tanaka}, M.~M. and {Tanaka}, M. and {Tanaka}, M. and {Tanaka}, Y. and 
	{Terai}, T. and {Terashima}, Y. and {Toba}, Y. and {Toshikawa}, J. and 
	{Turner}, E.~L. and {Uchida}, T. and {Uchiyama}, H. and {Umetsu}, K. and 
	{Uraguchi}, F. and {Urata}, Y. and {Usuda}, T. and {Utsumi}, Y. and 
	{Wang}, S.-Y. and {Wang}, W.-H. and {Wong}, K.~C. and {Yabe}, K. and 
	{Yamada}, Y. and {Yamanoi}, H. and {Yasuda}, N. and {Yeh}, S. and 
	{Yonehara}, A. and {Yuma}, S.},
    title = "{The Hyper Suprime-Cam SSP Survey: Overview and Survey Design}",
  journal = {ArXiv e-prints},
archivePrefix = "arXiv",
   eprint = {1704.05858},
 primaryClass = "astro-ph.IM",
 keywords = {Astrophysics - Instrumentation and Methods for Astrophysics},
     year = 2017,
    month = apr,
   adsurl = {http://adsabs.harvard.edu/abs/2017arXiv170405858A},
  adsnote = {Provided by the SAO/NASA Astrophysics Data System}
}

@ARTICLE{Gurvich2016,
   author = {{Gurvich}, A. and {Mandelbaum}, R.},
    title = "{The impact of correlated noise on galaxy shape estimation for weak lensing}",
  journal = {\mnras},
archivePrefix = "arXiv",
   eprint = {1509.00020},
 primaryClass = "astro-ph.IM",
 keywords = {gravitational lensing: weak, techniques: image processing},
     year = 2016,
    month = apr,
   volume = 457,
    pages = {3522-3534},
      doi = {10.1093/mnras/stw174},
   adsurl = {http://adsabs.harvard.edu/abs/2016MNRAS.457.3522G},
  adsnote = {Provided by the SAO/NASA Astrophysics Data System}
}


@ARTICLE{Mandelbaum2018,
   author = {{Mandelbaum}, R. and {Miyatake}, H. and {Hamana}, T. and {Oguri}, M. and 
	{Simet}, M. and {Armstrong}, R. and {Bosch}, J. and {Murata}, R. and 
	{Lanusse}, F. and {Leauthaud}, A. and {Coupon}, J. and {More}, S. and 
	{Takada}, M. and {Miyazaki}, S. and {Speagle}, J.~S. and {Shirasaki}, M. and 
	{Sif{\'o}n}, C. and {Huang}, S. and {Nishizawa}, A.~J. and {Medezinski}, E. and 
	{Okura}, Y. and {Okabe}, N. and {Czakon}, N. and {Takahashi}, R. and 
	{Coulton}, W.~R. and {Hikage}, C. and {Komiyama}, Y. and {Lupton}, R.~H. and 
	{Strauss}, M.~A. and {Tanaka}, M. and {Utsumi}, Y.},
    title = "{The first-year shear catalog of the Subaru Hyper Suprime-Cam Subaru Strategic Program Survey}",
  journal = {\pasj},
archivePrefix = "arXiv",
   eprint = {1705.06745},
 keywords = {cosmology: observations, gravitational lensing: weak, methods: data analysis, techniques: image processing},
     year = 2018,
    month = jan,
   volume = 70,
      eid = {S25},
    pages = {S25},
      doi = {10.1093/pasj/psx130},
   adsurl = {http://adsabs.harvard.edu/abs/2018PASJ...70S..25M},
  adsnote = {Provided by the SAO/NASA Astrophysics Data System}
}


@ARTICLE{Leauthaud2007,
   author = {{Leauthaud}, A. and {Massey}, R. and {Kneib}, J.-P. and {Rhodes}, J. 
and 
    {Johnston}, D.~E. and {Capak}, P. and {Heymans}, C. and {Ellis}, R.~S. and 
    {Koekemoer}, A.~M. and {Le F{\`e}vre}, O. and {Mellier}, Y. and 
    {R{\'e}fr{\'e}gier}, A. and {Robin}, A.~C. and {Scoville}, N. and 
    {Tasca}, L. and {Taylor}, J.~E. and {Van Waerbeke}, L.},
    title = "{Weak Gravitational Lensing with COSMOS: Galaxy Selection and Shape 
Measurements}",
  journal = {\apjs},
   eprint = {astro-ph/0702359},
 keywords = {Cosmology: Observations, Cosmology: Gravitational Lensing, Cosmology: 
Large-Scale Structure of Universe},
     year = 2007,
    month = sep,
   volume = 172,
    pages = {219-238},
      doi = {10.1086/516598},
   adsurl = {http://adsabs.harvard.edu/abs/2007ApJS..172..219L},
  adsnote = {Provided by the SAO/NASA Astrophysics Data System}
}

@ARTICLE{Melchior2015,
       author = {{Melchior}, P. and {Suchyta}, E. and {Huff}, E. and {Hirsch}, M. and
        {Kacprzak}, T. and {Rykoff}, E. and {Gruen}, D. and {Armstrong},
        R. and {Bacon}, D. and {Bechtol}, K. and {Bernstein}, G.~M. and
        {Bridle}, S. and {Clampitt}, J. and {Honscheid}, K. and {Jain},
        B. and {Jouvel}, S. and {Krause}, E. and {Lin}, H. and
        {MacCrann}, N. and {Patton}, K. and {Plazas}, A. and {Rowe}, B.
        and {Vikram}, V. and {Wilcox}, H. and {Young}, J. and {Zuntz},
        J. and {Abbott}, T. and {Abdalla}, F.~B. and {Allam}, S.~S. and
        {Banerji}, M. and {Bernstein}, J.~P. and {Bernstein}, R.~A. and
        {Bertin}, E. and {Buckley-Geer}, E. and {Burke}, D.~L. and
        {Castander}, F.~J. and {da Costa}, L.~N. and {Cunha}, C.~E. and
        {Depoy}, D.~L. and {Desai}, S. and {Diehl}, H.~T. and {Doel}, P.
        and {Estrada}, J. and {Evrard}, A.~E. and {Neto}, A. Fausti and
        {Fernandez}, E. and {Finley}, D.~A. and {Flaugher}, B. and
        {Frieman}, J.~A. and {Gaztanaga}, E. and {Gerdes}, D. and
        {Gruendl}, R.~A. and {Gutierrez}, G.~R. and {Jarvis}, M. and
        {Karliner}, I. and {Kent}, S. and {Kuehn}, K. and {Kuropatkin},
        N. and {Lahav}, O. and {Maia}, M.~A.~G. and {Makler}, M. and
        {Marriner}, J. and {Marshall}, J.~L. and {Merritt}, K.~W. and
        {Miller}, C.~J. and {Miquel}, R. and {Mohr}, J. and {Neilsen},
        E. and {Nichol}, R.~C. and {Nord}, B.~D. and {Reil}, K. and
        {Roe}, N.~A. and {Roodman}, A. and {Sako}, M. and {Sanchez}, E.
        and {Santiago}, B.~X. and {Schindler}, R. and {Schubnell}, M.
        and {Sevilla-Noarbe}, I. and {Sheldon}, E. and {Smith}, C. and
        {Soares-Santos}, M. and {Swanson}, M.~E.~C. and {Sypniewski},
        A.~J. and {Tarle}, G. and {Thaler}, J. and {Thomas}, D. and
        {Tucker}, D.~L. and {Walker}, A. and {Wechsler}, R. and
        {Weller}, J. and {Wester}, W.},
        title = "{Mass and galaxy distributions of four massive galaxy clusters from Dark
        Energy Survey Science Verification data}",
      journal = {\mnras},
     keywords = {gravitational lensing: weak, galaxies: clusters: individual: RXC
        J2248.7-4431, galaxies: clusters: individual: 1E 0657-56,
        galaxies: clusters: individual: SCSO J233227-535827, galaxies:
        clusters: individual: Abell 3261, cosmology: observations,
        Astrophysics - Cosmology and Nongalactic Astrophysics,
        Astrophysics - Astrophysics of Galaxies},
         year = 2015,
        month = May,
       volume = {449},
        pages = {2219-2238},
          doi = {10.1093/mnras/stv398},
archivePrefix = {arXiv},
       eprint = {1405.4285},
 primaryClass = {astro-ph.CO},
       adsurl = {https://ui.adsabs.harvard.edu/#abs/2015MNRAS.449.2219M},
      adsnote = {Provided by the SAO/NASA Astrophysics Data System}
}

@ARTICLE{Hettersheidt2007,
       author = {{Hetterscheidt}, M. and {Simon}, P. and {Schirmer}, M. and
        {Hildebrandt}, H. and {Schrabback}, T. and {Erben}, T. and
        {Schneider}, P.},
        title = "{GaBoDS: The Garching-Bonn deep survey. VII. Cosmic shear analysis}",
      journal = {\aap},
     keywords = {gravitational lensing, large-scale structure of the Universe,
        cosmological parameters, Astrophysics},
         year = 2007,
        month = Jun,
       volume = {468},
        pages = {859-876},
          doi = {10.1051/0004-6361:20065885},
archivePrefix = {arXiv},
       eprint = {astro-ph/0606571},
 primaryClass = {astro-ph},
       adsurl = {https://ui.adsabs.harvard.edu/#abs/2007A&A...468..859H},
      adsnote = {Provided by the SAO/NASA Astrophysics Data System}
}

@ARTICLE{Hoekstra2006,
       author = {{Hoekstra}, H. and {Mellier}, Y. and {van Waerbeke}, L. and {Semboloni},
        E. and {Fu}, L. and {Hudson}, M.~J. and {Parker}, L.~C. and
        {Tereno}, I. and {Benabed}, K.},
        title = "{First Cosmic Shear Results from the Canada-France-Hawaii Telescope Wide
        Synoptic Legacy Survey}",
      journal = {\apj},
     keywords = {Cosmology: Observations, Cosmology: Dark Matter, Cosmology:
        Gravitational Lensing, Astrophysics},
         year = 2006,
        month = Aug,
       volume = {647},
        pages = {116-127},
          doi = {10.1086/503249},
archivePrefix = {arXiv},
       eprint = {astro-ph/0511089},
 primaryClass = {astro-ph},
       adsurl = {https://ui.adsabs.harvard.edu/#abs/2006ApJ...647..116H},
      adsnote = {Provided by the SAO/NASA Astrophysics Data System}
}


@ARTICLE{Jarvis2003,
       author = {{Jarvis}, M. and {Bernstein}, G.~M. and {Fischer}, P. and {Smith}, D.
        and {Jain}, B. and {Tyson}, J.~A. and {Wittman}, D.},
        title = "{Weak-Lensing Results from the 75 Square Degree Cerro Tololo Inter-
        American Observatory Survey}",
      journal = {\aj},
     keywords = {Cosmology: Gravitational Lensing, Cosmology: Large-Scale Structure of
        Universe, Astrophysics},
         year = 2003,
        month = Mar,
       volume = {125},
        pages = {1014-1032},
          doi = {10.1086/367799},
archivePrefix = {arXiv},
       eprint = {astro-ph/0210604},
 primaryClass = {astro-ph},
       adsurl = {https://ui.adsabs.harvard.edu/#abs/2003AJ....125.1014J},
      adsnote = {Provided by the SAO/NASA Astrophysics Data System}
}

@ARTICLE{Lin2012,
       author = {{Lin}, Huan and {Dodelson}, Scott and {Seo}, Hee-Jong and {Soares-
        Santos}, Marcelle and {Annis}, James and {Hao}, Jiangang and
        {Johnston}, David and {Kubo}, Jeffrey M. and {Reis}, Ribamar
        R.~R. and {Simet}, Melanie},
        title = "{The SDSS Co-add: Cosmic Shear Measurement}",
      journal = {\apj},
     keywords = {cosmological parameters, cosmology: observations, gravitational lensing:
        weak, large-scale structure of universe, Astrophysics -
        Cosmology and Nongalactic Astrophysics},
         year = 2012,
        month = Dec,
       volume = {761},
          eid = {15},
        pages = {15},
          doi = {10.1088/0004-637X/761/1/15},
archivePrefix = {arXiv},
       eprint = {1111.6622},
 primaryClass = {astro-ph.CO},
       adsurl = {https://ui.adsabs.harvard.edu/#abs/2012ApJ...761...15L},
      adsnote = {Provided by the SAO/NASA Astrophysics Data System}
}


@ARTICLE{Laureijs2011,
   author = {{Laureijs}, R. and {Amiaux}, J. and {Arduini}, S. and {Augu{\`e}res}, J.~-. and 
	{Brinchmann}, J. and {Cole}, R. and {Cropper}, M. and {Dabin}, C. and 
	{Duvet}, L. and {Ealet}, A. and et al.},
    title = "{Euclid Definition Study Report}",
  journal = {ArXiv e-prints},
archivePrefix = "arXiv",
   eprint = {1110.3193},
 primaryClass = "astro-ph.CO",
 keywords = {Astrophysics - Cosmology and Extragalactic Astrophysics, Astrophysics - Galaxy Astrophysics},
     year = 2011,
    month = oct,
   adsurl = {http://adsabs.harvard.edu/abs/2011arXiv1110.3193L},
  adsnote = {Provided by the SAO/NASA Astrophysics Data System}
}


@ARTICLE{Spergel2015,
   author = {{Spergel}, D. and {Gehrels}, N. and {Baltay}, C. and {Bennett}, D. and 
	{Breckinridge}, J. and {Donahue}, M. and {Dressler}, A. and 
	{Gaudi}, B.~S. and {Greene}, T. and {Guyon}, O. and {Hirata}, C. and 
	{Kalirai}, J. and {Kasdin}, N.~J. and {Macintosh}, B. and {Moos}, W. and 
	{Perlmutter}, S. and {Postman}, M. and {Rauscher}, B. and {Rhodes}, J. and 
	{Wang}, Y. and {Weinberg}, D. and {Benford}, D. and {Hudson}, M. and 
	{Jeong}, W.-S. and {Mellier}, Y. and {Traub}, W. and {Yamada}, T. and 
	{Capak}, P. and {Colbert}, J. and {Masters}, D. and {Penny}, M. and 
	{Savransky}, D. and {Stern}, D. and {Zimmerman}, N. and {Barry}, R. and 
	{Bartusek}, L. and {Carpenter}, K. and {Cheng}, E. and {Content}, D. and 
	{Dekens}, F. and {Demers}, R. and {Grady}, K. and {Jackson}, C. and 
	{Kuan}, G. and {Kruk}, J. and {Melton}, M. and {Nemati}, B. and 
	{Parvin}, B. and {Poberezhskiy}, I. and {Peddie}, C. and {Ruffa}, J. and 
	{Wallace}, J.~K. and {Whipple}, A. and {Wollack}, E. and {Zhao}, F.
	},
    title = "{Wide-Field InfrarRed Survey Telescope-Astrophysics Focused Telescope Assets WFIRST-AFTA 2015 Report}",
  journal = {ArXiv e-prints},
archivePrefix = "arXiv",
   eprint = {1503.03757},
 primaryClass = "astro-ph.IM",
 keywords = {Astrophysics - Instrumentation and Methods for Astrophysics},
     year = 2015,
    month = mar,
   adsurl = {http://adsabs.harvard.edu/abs/2015arXiv150303757S},
  adsnote = {Provided by the SAO/NASA Astrophysics Data System}
}


@ARTICLE{LSST2009,
   author = {{LSST Science Collaboration} and {Abell}, P.~A. and {Allison}, J. and 
	{Anderson}, S.~F. and {Andrew}, J.~R. and {Angel}, J.~R.~P. and 
	{Armus}, L. and {Arnett}, D. and {Asztalos}, S.~J. and {Axelrod}, T.~S. and et al.},
    title = "{LSST Science Book, Version 2.0}",
  journal = {ArXiv e-prints},
archivePrefix = "arXiv",
   eprint = {0912.0201},
 primaryClass = "astro-ph.IM",
 keywords = {Astrophysics - Instrumentation and Methods for Astrophysics, Astrophysics - Cosmology and Extragalactic Astrophysics, Astrophysics - Earth and Planetary Astrophysics, Astrophysics - Galaxy Astrophysics, Astrophysics - Solar and Stellar Astrophysics},
     year = 2009,
    month = dec,
   adsurl = {http://adsabs.harvard.edu/abs/2009arXiv0912.0201L},
  adsnote = {Provided by the SAO/NASA Astrophysics Data System}
}


@ARTICLE{Jee2016,
   author = {{Jee}, M.~J. and {Tyson}, J.~A. and {Hilbert}, S. and {Schneider}, M.~D. and 
	{Schmidt}, S. and {Wittman}, D.},
    title = "{Cosmic Shear Results from the Deep Lens Survey. II. Full Cosmological Parameter Constraints from Tomography}",
  journal = {\apj},
archivePrefix = "arXiv",
   eprint = {1510.03962},
 keywords = {cosmological parameters, cosmology: observations, dark matter, gravitational lensing: weak, large-scale structure of universe},
     year = 2016,
    month = jun,
   volume = 824,
      eid = {77},
    pages = {77},
      doi = {10.3847/0004-637X/824/2/77},
   adsurl = {http://adsabs.harvard.edu/abs/2016ApJ...824...77J},
  adsnote = {Provided by the SAO/NASA Astrophysics Data System}
}

@ARTICLE{Budavari2017,
       author = {{Budav{\'a}ri}, Tam{\'a}s and {Szalay}, Alexander S. and {Loredo},
        Thomas J.},
        title = "{Faint Object Detection in Multi-Epoch Observations via Catalog Data
        Fusion}",
      journal = {\apj},
     keywords = {astrometry, catalogs, galaxies: photometry, methods: statistical,
        surveys, Astrophysics - Instrumentation and Methods for
        Astrophysics},
         year = 2017,
        month = Mar,
       volume = {838},
          eid = {52},
        pages = {52},
          doi = {10.3847/1538-4357/aa6335},
 primaryClass = {astro-ph.IM},
       adsurl = {https://ui.adsabs.harvard.edu/#abs/2017ApJ...838...52B},
      adsnote = {Provided by the SAO/NASA Astrophysics Data System}
}



@ARTICLE{Heymans2013,
   author = {{Heymans}, C. and {Grocutt}, E. and {Heavens}, A. and {Kilbinger}, M. and 
	{Kitching}, T.~D. and {Simpson}, F. and {Benjamin}, J. and {Erben}, T. and 
	{Hildebrandt}, H. and {Hoekstra}, H. and {Mellier}, Y. and {Miller}, L. and 
	{Van Waerbeke}, L. and {Brown}, M.~L. and {Coupon}, J. and {Fu}, L. and 
	{Harnois-D{\'e}raps}, J. and {Hudson}, M.~J. and {Kuijken}, K. and 
	{Rowe}, B. and {Schrabback}, T. and {Semboloni}, E. and {Vafaei}, S. and 
	{Velander}, M.},
    title = "{CFHTLenS tomographic weak lensing cosmological parameter constraints: Mitigating the impact of intrinsic galaxy alignments}",
  journal = {\mnras},
archivePrefix = "arXiv",
   eprint = {1303.1808},
 keywords = {cosmology: observations},
     year = 2013,
    month = jul,
   volume = 432,
    pages = {2433-2453},
      doi = {10.1093/mnras/stt601},
   adsurl = {http://adsabs.harvard.edu/abs/2013MNRAS.432.2433H},
  adsnote = {Provided by the SAO/NASA Astrophysics Data System}
}


@ARTICLE{Zuntz2017,
   author = {{Zuntz}, J. and {Sheldon}, E. and {Samuroff}, S. and {Troxel}, M.~A. and 
	{Jarvis}, M. and {MacCrann}, N. and {Gruen}, D. and {Prat}, J. and 
	{S{\'a}nchez}, C. and {Choi}, A. and {Bridle}, S.~L. and {Bernstein}, G.~M. and 
	{Dodelson}, S. and {Drlica-Wagner}, A. and {Fang}, Y. and {Gruendl}, R.~A. and 
	{Hoyle}, B. and {Huff}, E.~M. and {Jain}, B. and {Kirk}, D. and 
	{Kacprzak}, T. and {Krawiec}, C. and {Plazas}, A.~A. and {Rollins}, R.~P. and 
	{Rykoff}, E.~S. and {Sevilla-Noarbe}, I. and {Soergel}, B. and 
	{Varga}, T.~N. and {Abbott}, T.~M.~C. and {Abdalla}, F.~B. and 
	{Allam}, S. and {Annis}, J. and {Bechtol}, K. and {Benoit-L{\'e}vy}, A. and 
	{Bertin}, E. and {Buckley-Geer}, E. and {Burke}, D.~L. and {Carnero Rosell}, A. and 
	{Carrasco Kind}, M. and {Carretero}, J. and {Castander}, F.~J. and 
	{Crocce}, M. and {Cunha}, C.~E. and {D'Andrea}, C.~B. and {da Costa}, L.~N. and 
	{Davis}, C. and {Desai}, S. and {Diehl}, H.~T. and {Dietrich}, J.~P. and 
	{Doel}, P. and {Eifler}, T.~F. and {Estrada}, J. and {Evrard}, A.~E. and 
	{Fausti Neto}, A. and {Fernandez}, E. and {Flaugher}, B. and 
	{Fosalba}, P. and {Frieman}, J. and {Garc{\'{\i}}a-Bellido}, J. and 
	{Gaztanaga}, E. and {Gerdes}, D.~W. and {Giannantonio}, T. and 
	{Gschwend}, J. and {Gutierrez}, G. and {Hartley}, W.~G. and 
	{Honscheid}, K. and {James}, D.~J. and {Jeltema}, T. and {Johnson}, M.~W.~G. and 
	{Johnson}, M.~D. and {Kuehn}, K. and {Kuhlmann}, S. and {Kuropatkin}, N. and 
	{Lahav}, O. and {Li}, T.~S. and {Lima}, M. and {Maia}, M.~A.~G. and 
	{March}, M. and {Martini}, P. and {Melchior}, P. and {Menanteau}, F. and 
	{Miller}, C.~J. and {Miquel}, R. and {Mohr}, J.~J. and {Neilsen}, E. and 
	{Nichol}, R.~C. and {Ogando}, R.~L.~C. and {Roe}, N. and {Romer}, A.~K. and 
	{Roodman}, A. and {Sanchez}, E. and {Scarpine}, V. and {Schindler}, R. and 
	{Schubnell}, M. and {Smith}, M. and {Smith}, R.~C. and {Soares-Santos}, M. and 
	{Sobreira}, F. and {Suchyta}, E. and {Swanson}, M.~E.~C. and 
	{Tarle}, G. and {Thomas}, D. and {Tucker}, D.~L. and {Vikram}, V. and 
	{Walker}, A.~R. and {Wechsler}, R.~H. and {Zhang}, Y.},
    title = "{Dark Energy Survey Year 1 Results: Weak Lensing Shape Catalogues}",
  journal = {ArXiv e-prints},
archivePrefix = "arXiv",
   eprint = {1708.01533},
 keywords = {Astrophysics - Cosmology and Nongalactic Astrophysics},
     year = 2017,
    month = aug,
   adsurl = {http://adsabs.harvard.edu/abs/2017arXiv170801533Z},
  adsnote = {Provided by the SAO/NASA Astrophysics Data System}
}


@ARTICLE{Hildebrandt2017,
   author = {{Hildebrandt}, H. and {Viola}, M. and {Heymans}, C. and {Joudaki}, S. and 
	{Kuijken}, K. and {Blake}, C. and {Erben}, T. and {Joachimi}, B. and 
	{Klaes}, D. and {Miller}, L. and {Morrison}, C.~B. and {Nakajima}, R. and 
	{Verdoes Kleijn}, G. and {Amon}, A. and {Choi}, A. and {Covone}, G. and 
	{de Jong}, J.~T.~A. and {Dvornik}, A. and {Fenech Conti}, I. and 
	{Grado}, A. and {Harnois-D{\'e}raps}, J. and {Herbonnet}, R. and 
	{Hoekstra}, H. and {K{\"o}hlinger}, F. and {McFarland}, J. and 
	{Mead}, A. and {Merten}, J. and {Napolitano}, N. and {Peacock}, J.~A. and 
	{Radovich}, M. and {Schneider}, P. and {Simon}, P. and {Valentijn}, E.~A. and 
	{van den Busch}, J.~L. and {van Uitert}, E. and {Van Waerbeke}, L.
	},
    title = "{KiDS-450: cosmological parameter constraints from tomographic weak gravitational lensing}",
  journal = {\mnras},
archivePrefix = "arXiv",
   eprint = {1606.05338},
 keywords = {gravitational lensing: weak, surveys, galaxies: photometry, cosmology: observations},
     year = 2017,
    month = feb,
   volume = 465,
    pages = {1454-1498},
      doi = {10.1093/mnras/stw2805},
   adsurl = {http://adsabs.harvard.edu/abs/2017MNRAS.465.1454H},
  adsnote = {Provided by the SAO/NASA Astrophysics Data System}
}

@ARTICLE{Zackay2017,
       author = {{Zackay}, Barak and {Ofek}, Eran O.},
        title = "{How to COAAD Images. I. Optimal Source Detection and Photometry of Point
        Sources Using Ensembles of Images}",
      journal = {\apj},
     keywords = {cosmology: observations, gravitational lensing: weak, methods: data
        analysis, surveys, techniques: image processing, techniques:
        photometric, Astrophysics - Instrumentation and Methods for
        Astrophysics},
         year = 2017,
        month = Feb,
       volume = {836},
          eid = {187},
        pages = {187},
          doi = {10.3847/1538-4357/836/2/187},
 primaryClass = {astro-ph.IM},
       adsurl = {https://ui.adsabs.harvard.edu/#abs/2017ApJ...836..187Z},
      adsnote = {Provided by the SAO/NASA Astrophysics Data System}
}


@ARTICLE{Kaiser2004,
       author = {{Kaiser}, Nick},
        title = "Addition of Images with Varying Seeing",
      journal = {Internal Pan-STARRS Document},
      year = 2004,
      month = Jul,
}



@ARTICLE{SheldonHuff2017,
       author = {{Sheldon}, Erin S. and {Huff}, Eric M.},
        title = "{Practical Weak-lensing Shear Measurement with Metacalibration}",
      journal = {\apj},
     keywords = {cosmology: observations, gravitational lensing: weak, methods:
        observational, Astrophysics - Cosmology and Nongalactic
        Astrophysics},
         year = 2017,
        month = May,
       volume = {841},
          eid = {24},
        pages = {24},
          doi = {10.3847/1538-4357/aa704b},
 primaryClass = {astro-ph.CO},
       adsurl = {https://ui.adsabs.harvard.edu/#abs/2017ApJ...841...24S},
      adsnote = {Provided by the SAO/NASA Astrophysics Data System}
}



@ARTICLE{HuffMand2017,
   author = {{Huff}, E. and {Mandelbaum}, R.},
    title = "{Metacalibration: Direct Self-Calibration of Biases in Shear Measurement}",
  journal = {ArXiv e-prints},
archivePrefix = "arXiv",
   eprint = {1702.02600},
 keywords = {Astrophysics - Cosmology and Nongalactic Astrophysics},
     year = 2017,
    month = feb,
   adsurl = {http://adsabs.harvard.edu/abs/2017arXiv170202600H},
  adsnote = {Provided by the SAO/NASA Astrophysics Data System}
}

